<collection xmlns="http://www.loc.gov/MARC21/slim">
<record>
  <leader>01046nam0a22002291i 450 </leader>
  <controlfield tag="001">IT\ICCU\CNCE\059041</controlfield>
  <controlfield tag="005">20071012000000.0</controlfield>
  <datafield tag="100" ind1=" " ind2=" ">
    <subfield code="a">20040906f1590        0itac0103    ba</subfield>
  </datafield>
  <datafield tag="101" ind1=" " ind2=" ">
    <subfield code="a">ITA</subfield>
  </datafield>
  <datafield tag="102" ind1=" " ind2=" ">
    <subfield code="a">IT</subfield>
  </datafield>
  <datafield tag="200" ind1="1" ind2=" ">
    <subfield code="a">Nuoua scelta di villanelle di diuersi autori con la canzon de Caterinon con la Tognina. Raccolte da Zan Cazamolletta  ̉d&apos;instan</subfield>
  </datafield>
  <datafield tag="210" ind1=" " ind2=" ">
    <subfield code="a">In Trino</subfield>
    <subfield code="c">appresso Clara Giolita de Ferrari</subfield>
    <subfield code="d">\1590?!</subfield>
  </datafield>
  <datafield tag="215" ind1=" " ind2=" ">
    <subfield code="a">\4! c.</subfield>
    <subfield code="d">8ʻ</subfield>
  </datafield>
  <datafield tag="300" ind1=" " ind2=" ">
    <subfield code="a">Per la data presunta cfr. British library, Short-title catalogue of books printed in Italy, p. 163</subfield>
  </datafield>
  <datafield tag="620" ind1=" " ind2=" ">
    <subfield code="a">IT</subfield>
    <subfield code="d">Trino</subfield>
  </datafield>
  <datafield tag="702" ind1=" " ind2="1">
    <subfield code="a">Cazamolletta,</subfield>
    <subfield code="b">Zan</subfield>
    <subfield code="3">IT\ICCU\CNCA\018060</subfield>
  </datafield>
  <datafield tag="712" ind1="0" ind2="0">
    <subfield code="a">Giolito De Ferrari, Chiara</subfield>
    <subfield code="3">IT\ICCU\CNCT\002347</subfield>
    <subfield code="4">650</subfield>
  </datafield>
  <datafield tag="790" ind1=" " ind2="0">
    <subfield code="a">Zan Cazamolletta</subfield>
    <subfield code="3">IT\ICCU\CNCA\028031</subfield>
    <subfield code="z">Cazamolletta, Zan</subfield>
  </datafield>
  <datafield tag="791" ind1="0" ind2="0">
    <subfield code="a">Iolita De Ferrariis, Clara</subfield>
    <subfield code="3">IT\ICCU\CNCT\003846</subfield>
    <subfield code="z">Giolito De Ferrari, Chiara</subfield>
  </datafield>
  <datafield tag="791" ind1="0" ind2="0">
    <subfield code="a">Giolita de&apos; Ferrari, Clara</subfield>
    <subfield code="3">IT\ICCU\CNCT\004884</subfield>
    <subfield code="z">Giolito De Ferrari, Chiara</subfield>
  </datafield>
  <datafield tag="801" ind1=" " ind2="3">
    <subfield code="a">IT</subfield>
    <subfield code="b">ICCU</subfield>
    <subfield code="c">20201115</subfield>
  </datafield>
  <datafield tag="899" ind1=" " ind2=" ">
    <subfield code="a">British Library. London</subfield>
    <subfield code="1">UK0001</subfield>
  </datafield>
</record>
</collection>
